% $Id$
% abbreviations
@String{BAMS = {Bull. Amer. Met. Soc.}}
@String{JAS = {J. Atmos. Sci.}}
@String{JAOT = {J. Atmos. Ocean. Tech.}}
@String{JCP = {J. Comp. Phys.}}
@String{MWR = {Mon. Wea. Rev.}}
@String{QJRMS = {Quart. J. Roy. Meteor. Soc.}}
@misc{ESMFWEBSITE,
        title = "Earth System Modeling Framework",
        howpublished= "http://www.earthsystemmodeling.org",
        key = {ESMF Web Site},
        year = "2002"}
@misc{bib:ESMFimplrep,
        title = "{Earth System Modeling Framework Implementation Report}",
        author = "{Neckels, D.} and {C. DeLuca}",
        howpublished= "http://www.earthsystemmodeling.org/users/documentation.shtml",
        year = "2002"}
@book{WOM2002,
        author = "{Womack, B., Higgins, G.}",
        title = "Software Engineering Support of the Third Round of Scientific Grand Challenge Investigations. General Requirements Analysis ",
        publisher = "NASA/CT Internal Document",
        year = "2002"}
%==============================================================================
% Topic-specific references
%==============================================================================
% $ Id: $
@book{gof,
      author = "{Gamma, E.} and {R. Helm} and {R. Johnson} and {J. Vlissides}",
      title = "{Design Patterns:  Elements of Reusable Object-Oriented Software}",
      publisher = "Addison-Wesley",
      year = "1995"}
@misc(decyk00,
        author = "{Decyk, V.K.} and {Norton, C.} and
   {Szymanski, B.K.}"
                     ,
        title = "{Introduction to Object-Oriented Concepts Using Fortran90}",
        howpublished = "http://www.cs.rpi.edu/~szymansk/OOF90/pubs.html")
@misc(corba,
        author = "{OMG}",
        title = "{The Common Object Request Broker:  Architecture and Specification}",
        howpublished = "OMG Document",
        year = 1995)
@article(decyk97,
        author = "{Decyk, V.K.} and {Norton, C.} and {Szymanski, B.K.}",
        title = "{How to Express C++ Concepts in Fortran 90}",
        journal = "Scientific Programming",
        volume = "6",
        number = "4",
        publisher = "IOS Press",
        pages = "363--390",
        year = "1997")
@book{alexandrescu,
  author = "{A. Alexandrescu}",
  title = "{Modern C++ Design}",
  publisher = "Addison-Wesley",
  year = "2001"
}
@book{booch,
        author = "{Booch, G.}",
        title = "{Object-Oriented Analysis and Design with Applications}",
        publisher = "Addison-Wesley",
        year = "1994"
}
@book(rumbaugh,
        author = "{Rumbaugh, J.} and {Blaha, M.} and 
    {Premerlani, W.} and {F. Eddy} and {W. Lorenson}",
        title = "{Object Oriented Modeling and Design}",
        publisher = "{Prentice-Hall}",
        year = "1991")
@book(uml,
        author = "{Rumbaugh, J.} and {I. Jacobson} and {G. Booch}",
        title = "{The Unified Modeling Language Reference Manual}",
        publisher = "{Addison-Wesley}",
        year = "1999")
@book{wiegers,
        author = "{Wiegers, K. E.}",
        title = "Software Requirements",
        publisher = "Microsoft Press",
        year = "1999"}
% $ Id: $
%================================================================================
% Models
%================================================================================
@article{ccsm,
        author = "{Boville, B.A.} and {P.R. Gent}",
        title = "{The NCAR Climate System Model, Version One}",
        journal = "J. Climate",
        volume = "11",
        year = "1998",
        pages = "1115-1130"}
@techreport(kiehl,
        author ="{Kiehl, J. T.} and {J. J. Hack} and {G. B. Bonan}
                and {B. A. Boville} and {B. P. Briegleb} and
                {D. L. Williamson} and {P. J. Rasch}"
                                                      ,
        title = "{Description of the NCAR
              Community Climate Model (CCM3)}"
                                              ,
        institution = "NCAR Technical Note",
        number = "{NCAR/TN-420+STR, Boulder, CO}",
        month = "June",
        year = "1996")
@inproceedings(mitgcm,
        author = "{Hill, C.} and {A. Adcroft} and {D. Jamous} and
                 {J. Marshall}"
                               ,
        title = "A strategy for tera-scale climate modeling",
        booktitle = "Scientific Computing in Object-Oriented Parallel
           Environments"
                        ,
        publisher = "World Scientific",
        address = "Berlin, Germany",
        year = "1997")
@article{art:majewski+:gme,
  author = "D. Majewski and D. Liermann and P. Prohl and B. Ritter
              and M. Buchhold and T. Hanisch and G. Paul and W. Wergen",
  title = "{The Operational Global Icosahedral-Hexagonal Gridpoint 
                   Model GME: Description and High-Resolution Tests}",
  journal="Monthly Weather Review",
  year=2002,
  volume="130",
  pages="319--338"
}
@inproceedings{wrf,
        author = "{Michalakes, J.G.} and {S. Chen} and {J. Dudhia} and
                 {L. Hart} and {J. Klemp} and {J Middlecoff} and {W. Skamarock}"
                                                                                ,
        title = "{Development of a Next Generation Regional Weather Research and
                  Forecast Model}"
                                  ,
        booktitle = {Developments in Teracomputing: Proceedings of the Ninth ECMWF
                 Workshop on the Use of High Performance Computing in Meteorology},
  year = 2001,
  editor = "{W. Zwieflhofer} and {Norbert Kreitz}",
  publisher = {World Scientific Press},
  pages = {269 -- 276}
}
@article(schopf,
        author = "{Schopf, P.S.} and {A. Loughe}",
        year = "1995",
        title = "{A reduced-gravity isopycnal ocean
                 model: Hindcast of El Ni\~{n}o}",
        journal = "Mon. Wea. Rev.",
        volume = "123",
        pages = "2839-2863")
@inproceedings{wrfperfport,
        author = "{Michalakes, J.G.} and {R. Loft} and {A. Bourgeois}",
        title = "{Performance-Portability and the Weather Research and Forecast Model}",
        booktitle = {On-line proceedings of the HPC Asia Conference, Gold Coast, Queensland, Australia, September 24 -- 28},
  year = 2001
}
@article(sela,
        author = "{Sela, J.}",
        year = "1980",
        title = "{Spectral modeling at the National Meteorological 
                 Center}",
        journal = "Mon. Wea. Rev.",
        volume = "108",
        pages = "1279-1292")
%================================================================================
% Data Assimilation
%================================================================================
@article(derber1,
        author = "{Derber, J. C.} and {D.F. Parrish} and {S.J. Lord}",
        year = "1991",
        title = "{The new global operational
                 analysis system at the National Meteorological
                 Center}"
                         ,
        journal = "Wea. and Forecasting",
        volume = "6",
        pages = "538-547")
@article(derber2,
        author = "{Derber, J. C.} and {W.-S. Wu}",
        year = "1998",
        title = "{The use of TOVS cloud-cleared radiances in
                 the NCEP SSI analysis system}"
                                               ,
        journal = "Mon. Wea. Rev.",
        volume = "126",
        pages = "2287-2299")
@article(kanamits1,
        author = "{Kanamitsu, M.}",
        year = "1989",
        title = "{Description of the NMC global data assimilation and
                 forecast system}"
                                  ,
        journal = "Wea. and Forecasting",
        volume = "4",
        pages = "335-342")
@article(kanamits2,
        author = "{Kanamitsu, M.} and {J.C. Alpert} and {K.A. Campana}
                  and {P.M. Caplan} and {D.G. Deaven} and {M. Iredell}
                  and {B. Katz} and {L. Pan} and {J. Sela} and {G.H. White}",
        year = "1991",
        title = "{Recent changes implemented into the global forecast
                 system at NMC}"
                                ,
        journal = "Wea. and Forecasting",
        volume = "6",
        pages = "425-435")
@inproceedings(keppenne,
        author ="{Keppenne, C.} and {M.M. Rienecker}",
        title = "{Assimilation of temperature data
                into an ocean general circulation model with a parallel
                Ensemble Kalman Filter}"
                                        ,
        booktitle = "Proceedings of 3rd WMO Symposium on Data Assimilation
                    in Meteorology and Oceanography, Quebec"
                                                            ,
        year = "1999")
@article(parrish,
        author = "{Parrish, D.F.} and {J.C. Derber}",
        year = "1992",
        title = "{The National Meteorological Center's
                 Spectral statistical interpolation analysis system}"
                                                                     ,
        journal = "Mon. Wea. Rev.",
        volume = "120",
        pages = "1747-1763")
@inproceedings(psas1,
        author = "{Guo, J.} and {A. da Silva}",
        title = "{Computational Aspects of PSAS}",
        booktitle = "Numerical simulations in the environmental and
                     earth sciences. Garcia et al, Eds.",
        year = "1997")
@article(psas2,
        author = "{Cohn, S.} and {A. da Silva} and {J. Guo} and 
                  {M. Sienkiewicz} and {D. Lamich}",
        title = "{Assessing the effects of data selection with
                 DAO PSAS}",
        journal = "Mon. Wea. Rev",
        volume = "126",
        pages = "2913-26",
        year = "1998")
@article(kalnaynwp,
        author = "{Kalnay, E.} and {M. Kanamitsu} and {W.E. Baker}",
        year = "1990",
        title = "{Global numerical weather
                 prediction at the National Meteorological Center}"
                                                                   ,
        journal = "Bull. Amer. Meteor. Soc.",
        volume = "71",
        pages = "1410-1428")
@article(mcnally,
        author = "{McNally, A.P.} and {J.C. Derber} and {W.-S. Wu}
                   and {B.B. Katz}",
        year = "2000",
        title = "{The use of TOVS level-1B radiances in the NCEP 
                 SSI analysis system}"
                                      ,
        journal = "Q.J.R.M.S.",
        volume = "126",
        pages = "689-724")
@inproceedings(rienecker99,
        author = "{Rienecker, M.M.} and {A. Borovikov} and {C. Keppenne}
                 and {D. Adamec}",
        title = "Impact of multivariate assimilation on estimates 
                 of the state of the tropical Pacific Ocean",
        booktitle = "Proceedings of 3rd WMO Symposium on Data Assimilation
                    in Meteorology and Oceanography, Quebec",
        year = "1999")
%================================================================================
% Modeling approaches and grids
%================================================================================
@Article{ref:a1966,
  author = {A. Arakawa},
  title = {Computational design for long-term numerical
                  integration of the equations of atmospheric motion.},
  journal = JCP,
  year = 1966,
  volume = 1,
  pages = {119--143},
  annote = {Grids}
}
@InProceedings{ref:b2001,
  author = {V. Balaji},
  title = {Parallel numerical kernels for climate models},
  booktitle = {ECMWF Teracomputing Workshop},
  year = 2001,
  editor = {ECMWF},
  publisher = {World Scientific Press}
}
@article{art:heikes+:geodesic,
  author = "R. Heikes and D. A. Randall",
  title = "{Numerical Integration of the Shallow-water Equations 
                   of a Twisted Icosahedral Grid. Part I: Basic Design
                   and Results of Tests}",
  journal="Monthly Weather Review",
  year=1995,
  volume="123",
  pages="1862--1880"
}
@inproceedings(linrood98,
        author = "{Lin, S.-J.} and {R.  B.  Rood}",
        title = "{A flux-form semi-Lagrangian
         general circulation model with a Lagrangian control-volume vertical
         coordinate}"
                     ,
        booktitle = "{The Rossby-100 symposium, Stockholm, Sweden}",
        year = "1998")
@Article{ref:m1996,
  author = {Ross J. Murray},
  title = {Explicit Generation of Orthogonal grids for Ocean
                  Models.},
  journal = JCP,
  year = 1996,
  volume = 126,
  pages = {251 -- 273}
}
@Article{ref:rpm1996,
  author = {M. Rancic and R.J. Purser and F. Mesinger},
  title = {A global shallow-water model using an expanded
                  spherical cube: Gnomonic versus conformal
                  coordinates.},
  journal = QJRMS,
  year = 1996,
  volume = 122,
  pages = {959 -- 982}
}
% $ Id: $
%================================================================================
% Tools
%================================================================================
@article(tamc,
        author = "{Giering, R.} and {T. Kaminsky}",
        title = "Recipes for adjoint code construction",
        journal = "ACM Trans. Math. Software",
        volume = "24",
        pages = "437-474",
        year = "1997")
@misc(ref:SCRIP,
       title = "{SCRIP:  A Spherical Coordinate Remapping and
                      Interpolation Package}",
       note = "Los Alamos Software Release LACC 98-45",
       howpublished = "http://oceans11.lanl.gov/trac/SCRIP",
       year = "last accessed on Dec 4, 2015")
@misc(rasmussen01,
        author = "{Rasmussen, C.E.} and {Lindlan, K.A.} and {Mohr, B.} and
   {Striegnitz, J.}",
        title = "{CHASM:  Static Analysis and Automatic Code Generation for
                 Improved Fortran 90 and C++ Interoperability}",
        howpublished = "Los Alamos National Laboratory Internal Report")
@incollection(petsc,
        author = "{Balay, S.} and {W.D. Gropp} and {L.C. McInnes} and
                  {B.F. Smith}"
                               ,
        title = "{Efficient Management of Parallelism in Object-Oriented 
                 Numerical Software Libraries}"
                                               ,
        booktitle = "Modern Software Tools in Scientific Computing",
        pages = "163-202",
        editor = "{E. Arge} and {A.M. Bruaset} and {H.P. Langtangen}",
        publisher = "Birkhauser Press",
        year = "1997")
%================================================================================
% Frameworks and Couplers
%================================================================================
@inproceedings(deluca,
        author = "{DeLuca, C.} and {Heisey, C.W.} and {Bond, R.}
           and {Daly, J.M.}"
                            ,
        title = "A portable object-based parallel library and framework
           for real-time radar signal processing"
                                                 ,
        booktitle = "Scientific Computing in Object-Oriented Parallel
           Environments"
                        ,
        publisher = "Springer-Verlag",
        address = "Berlin, Germany",
        year = "1997")
@techreport(ncarcpl,
        author = "{Kauffman, B.} and {W. Large}",
        title = "{The CCSM Coupler Version 5.0}",
        institution = "National Center for Atmospheric Research",
        year = "2002")
@inproceedings(overture,
       author = "{Brown, D.L.} and {W.D. Henshaw} and {D.J. Quinlan}",
       title = "{Overture: An Object-Oriented Framework for Solving 
         Partial Differential Equations on Overlapping Grids}"
                                                              ,
       booktitle = "SIAM conference on Object Oriented Methods for
         Scientific Computing"
                              ,
       note = "UCRL-JC-132017",
       year = "1999")
@article(pooma,
        author = "{Reynders, J.V.W. III} and {Dubois, P.F.}",
        title = "{The POOMA Framework}",
        journal = "Computers in Physics",
        year = "1998",
        volume = "12",
        number = "5",
        pages = "{453-459}")
@misc(fms,
       author = "{Geophysical Fluid Dynamics Laboratory}",
       title = "{Flexible Modeling System}",
       howpublished = "http://www.gfdl.gov/\~fms/")
@techreport(gems,
        author = "{Office Note Series on Global Modeling and 
                   Data Assimilation}"
                                      ,
        title = "{GEOS-3 Data Assimilation System}",
        institution = "NASA Goddard Space Flight Center",
        number = "{DAO Office Note 97-06}",
        year = "1997")
%================================================================================
% Components
%================================================================================
@book(javabeans,
       author = "{Englander, R.}",
       title = "{Developing Java Beans}",
       publisher = "O'Reilly",
       year = "1997")
@inproceedings(cca,
       author = "{Armstrong, R.} and {D. Gannon} and {A. Geist}
                 and {K. Keahey} and {S. Kohn} and {L. McInnes} and
                 {S. Parker} and {B. Smolinski}"
                                                ,
       title = "{Toward a Common Component Architecture for 
                 High Performance Scientific Computing}"
                                                        ,
       booktitle = "{Proceedings of the Conference on High 
                     Performance Distributed Computing}"
                                                        ,
       year = "1999")
@book(com,
        author = "{Sessions, R.}",
        title = "{COM and DCOM:  Microsoft's Vision for Distributed Objects}",
        publisher = "John Wiley \& Sons",
        year = 1997)
% $ Id: $
@misc(ref:cf,
       author = "{Eaton, B.} and {J. Gregory} and {B. Drach} and {K. Taylor} and {S. Hankin}",
       title = "{NetCDF Climate and Forecast (CF) Metadata Convention}",
       howpublished = "http://cfconventions.org/Data/cf-conventions/cf-conventions-1.6/build/cf-conventions.html",
       year = "last accessed on Nov 27, 2015")
@misc(ref:iso,
       title = "{International Organization for Standardization}",
       howpublished = "http://www.iso.org/iso/home.html",
       year = "last accessed on Dec 4, 2015")
@misc(ref:cim,
       title = "{METAFOR - Developing the CIM}",
       howpublished = "http://metaforclimate.eu/",
       year = "last accessed on Dec 4, 2015")
@misc(ref:esdoccim,
       title = "{ES-DOC - What is the CIM?}",
       howpublished = "https://earthsystemcog.org/projects/es-doc-models/cim",
       year = "last accessed on Oct 29, 2012")
% $Id$
%
% Earth System Modeling Framework
% Copyright 2002-2020, University Corporation for Atmospheric Research,
% Massachusetts Institute of Technology, Geophysical Fluid Dynamics
% Laboratory, University of Michigan, National Centers for Environmental
% Prediction, Los Alamos National Laboratory, Argonne National Laboratory,
% NASA Goddard Space Flight Center.
% Licensed under the University of Illinois-NCSA License.
@ARTICLE{BalajiGridSpec,
         author = {Balaji, V.},
         title = {A Standard Description of Grids Used in Earth
                    System Models},
         journal = {White paper},
         year = 2006
}
% $Id$
@ARTICLE{BalajiXGrid,
         author = {V. Balaji, Jeff Anderson, Isaac Held, Michael Winton, Jeff Durachta, Sergey Malyshev and Ronald J. Stouffer},
         title = {The Exchange Grid: a mechanism for data exchange between Earth System components on independent grids},
         journal = {Parallel Computational Fluid Dynamics: Theory and Applications,
Proceedings of the 2005 International Conference on Parallel Computational
Fluid Dynamics},
         year = {2006}
}
% $Id$
%
% Earth System Modeling Framework
% Copyright 2002-2020, University Corporation for Atmospheric Research,
% Massachusetts Institute of Technology, Geophysical Fluid Dynamics
% Laboratory, University of Michigan, National Centers for Environmental
% Prediction, Los Alamos National Laboratory, Argonne National Laboratory,
% NASA Goddard Space Flight Center.
% Licensed under the University of Illinois-NCSA License.
@ARTICLE{Jones1999,
         author = {Jones, P.W.},
         title = {First- and Second-Order Conservative Remapping Schemes
                    for Grids in Spherical Coordinates},
         journal = {Monthly Weath. Rev.},
         year = {1999},
         volume = {127},
         page = {2204--2210}
}
@ARTICLE{Zoltan,
         author = {E. G. Boman and U. V. Catalyurek and C. Chevalier and K. D. Devine},
         title = {The {Z}oltan and {I}sorropia Parallel Toolkits for Combinatorial Scientific Computing: Partitioning, Ordering, and Coloring},
         journal = {Scientific Programming},
         year = {2012},
         volume = {20},
         number = {2},
         page = {}
}
@TECHREPORT(Sierra,
        author = {H. C. Edwards and A. B. Williams and G. D. Sjaardema and D. G. Baur and W. K. Cochran},
        title = {{SIERRA} Toolkit Computational Mesh Conceptual Model},
        institution = {Sandia National Laboratories},
        address = {Albuquerque, New Mexico 87185},
        number = {SAND2010-1192},
        month = {March},
        year = {2010}
}
% $Id$
@MANUAL{Balaji_Parallel_IO_2000,
         title = {Parallel numerical kernels for climate models},
         author = {V. Balaji},
         address = {ECMWF Teracomputing Workshop},
         year = {2000},
         howpublished = {http://www.gfdl.gov/~vb}
}
@MANUAL{ESMFGenReq,
        title = {ESMF General Requirements},
        address = {Earth System Modeling Framework (ESMF), National Center for Atmospheric Research},
        key = {ESMF General Requirements},
        year = {2002},
        howpublished = {http://www.earthsystemmodeling.org}
}
@misc{NetCDF3_UsersGuide_C,
        title = "{NetCDF Users Guide for C, Version 3}",
        howpublished = "http://www.unidata.ucar.edu/software/netcdf/docs",
        year = "last accessed on Nov 27, 2015"
}
@misc{NetCDF_CF,
        title = "{NetCDF Climate and Forecast (CF) Metadata Conventions}",
        howpublished = "http://cfconventions.org/",
        year = "last accessed on Nov 27, 2015"
}
% NOTE: this URI no longer works
@misc{HDF4_tutorials,
         title = "{HDF (4.x) Tutorials and Examples}",
         address = {The National Center for Supercomputing Applications,
                    University of Illinois at Urbana-Champaign},
         howpublished = "http://hdf.ncsa.uiuc.edu/tutorial4.html"
}
% NOTE: this URI no longer works
@MANUAL{HDF5_tutorial,
         title = {HDF5 Tutorial},
         key = {HDF 5 Tutorial},
         address = {The National Center for Supercomputing Applications,
                    University of Illinois at Urbana-Champaign},
         howpublished = {http://hdf.ncsa.uiuc.edu/HDF5/doc/Tutor/}
}
@MANUAL{GRIB_1,
         title = {GRIB (Edition 1). Office Note 388, revised},
         address = {NOAA National Centers for Environmental Prediction},
         month = {March},
         year = {2002},
         howpublished = {ftp://ftp.ncep.noaa.gov/pub/nws/nmc/docs/gribed1/}
}
@ARTICLE{IEEE-Floating-Point,
         title = {What Every Computer Scientist Should Know About
                  Floating-Point Arithmetic},
         author = {David Goldberg},
         journal = {ACM Computing Surveys},
         page = {5-48},
         volume = {23},
         number = {1},
         year = {1991}
}
@MANUAL{Kahan-IEEE-754,
         title = {Documents relating to IEEE standard 754 for binary
                  floating-point arithmetic},
         author = {William Kahan},
         address = {University of California, Berkeley},
         howpublished = {http://HTTP.CS.Berkeley.EDU/~wkahan/ieee754status/}
}
@misc{XML-W3C,
         title = {Extensible Markup Language (XML)},
         key = {Extensible Markup Language},
         address = {The World Wide Web Consortium (W3C)},
         howpublished = "http://www.w3.org/XML/",
         year = "last accessed on Dec 3, 2015"
}
@MANUAL{WMO-BUFR-CREX,
         title = {Guide to WMO Table-Driven Code Forms: FM 94 BUFR and
                  FM 95 CREX},
         address = {World Meteorological Organization},
         key = {WMO Table-Driven Code Forms},
         month = {January},
         year = {2002},
         howpublished = {http://www.wmo.ch/web/www/WDM/Guides/BUFR-CREX-guide.html}
}
@MANUAL{HDF-EOS,
         title = {HDF-EOS Library Users Guide for ECS Project,
                  Volume 1: Overview and Examples},
         address = {Raytheon Systems Company, Technical Paper 170-TP-500-001.
                    Prepared under NASA contact NAS5-60000},
         key = {HDF-EOS Library Users Guide},
         month = {June},
         year = {1999},
         howpublished = {http://ulabibm.gsfc.nasa.gov/hdfeos/HDF-EOS\_UG.pdf}
}
@MANUAL{Balaji_Parallel_IO_1999,
         title = {Parallel I/O for climate models},
         author = {V. Balaji},
         address = {Fifth European SGI/Cray MPP Workshop},
         month = {September}, year = {1999},
         howpublished = {http://www.gfdl.gov/~vb}
}
@MANUAL{mpp_io,
         title = {mpp\_io : a parallel I\/O programming interface},
         author = {V.Balaji},
         address = {Geophysical Fluid Dynamics Laboratory},
         howpublished = {http://www.gfdl.noaa.gov/~vb/mpp\_io.html}
}
@MANUAL{ODB,
         title = {Observational Data Base (ODB) Software},
         author = {Sami Saarinen},
         address = {ECMWF},
         month = {March}, year = {2001}
}
@MANUAL{ESMF-PhysGrid-Req,
         title = {ESMF Physical Grids Requirements},
         key = {ESMF Physical Grids Requirements},
         address = {Earth System Modeling Framework (ESMF),
                    National Center for Atmospheric Research},
         year = {2002},
         howpublished = {http://www.earthsystemmodeling.org}
}
@MANUAL{ESMF-DistGrid-Req,
         title = {ESMF Distributed Grid Requirements},
         key = {ESMF Distributed Grid Requirements},
         address = {Earth System Modeling Framework (ESMF),
                    National Center for Atmospheric Research},
         year = {2002},
         howpublished = {http://www.earthsystemmodeling.org}
}
@MANUAL{ESMF-Field-Req,
         title = {ESMF Field Requirements},
         key = {ESMF Field Requirements},
         address = {Earth System Modeling Framework (ESMF),
                    National Center for Atmospheric Research},
         year = {2002},
         howpublished = {http://www.earthsystemmodeling.org}
}
@MANUAL{ESMF-Log-Req,
         title = {ESMF Log Requirements},
         key = {ESMF Log Requirements},
         address = {Earth System Modeling Framework (ESMF),
                    National Center for Atmospheric Research},
         year = {2002},
         howpublished = {http://www.earthsystemmodeling.org}
}
@MANUAL{ESMF-Control-Req,
         title = {ESMF Control Requirements},
         key = {ESMF Control Requirements},
         address = {Earth System Modeling Framework (ESMF),
                    National Center for Atmospheric Research},
         year = {2002},
         howpublished = {http://www.earthsystemmodeling.org}
}
@MANUAL{WRF-Software,
         title = {WRF Software Framework Issues},
         author = {John Michalakes},
         address = {Weather Research and Forecasting Model (WRF)},
         month = {February}, year = {2002},
         howpublished = {http://www.wrf-model.org/PRESENTATIONS/2000\_06\_23\_michalakes/}
}
@MANUAL{DODS,
        title = {DODS User Guide. Version 1.10},
        author = {Tom Sgouros},
        month = {December}, year = {2001},
        address = {Unidata Program Center, Boulder, Colorado},
        howpublished = {http://www.unidata.ucar.edu/packages/dods/user/guide-html/}
}
@BOOK{MPI-2,
      title = {MPI-2. Advanced Features of the Message-Passing Interface},
      author = {W.~Gropp and E.~Lusk and R.~Thakur},
      publisher = {The MIT Press},
      year = {1999}
}
% $Id$
@ARTICLE{PatchInterp1,
         title = {The superconvergent patch recovery technique and data transfer operators in 3D plasticity problems},
         author = {A.R. Khoei and S.A. Gharehbaghi},
         journal = {Finite Elements in Analysis and Design},
         page = {630-648},
         volume = {43},
         number = {8},
         year = {2007}
}
@ARTICLE{PatchInterp2,
         title = {A modified superconvergent patch recovery method and its application to large deformation problems},
         author = {H. Gu and Z. Zong and K.C. Hung},
         journal = {Finite Elements in Analysis and Design},
         page = {665-687},
         volume = {40},
         number = {5-6},
         year = {2004}
}
@ARTICLE{ConservativeOrder1,
         title ={Conservative rezoning algorithm for generalized two-dimensional meshes},
         author = {D. Ramshaw},
         journal = {Journal of Computational Physics},
         page = {193-199},
         volume = {59},
         year = {1985}
}
@ARTICLE{ConservativeOrder2,
         title ={Conservative interpolation between general spherical meshes},
         author = {E. Kritsikis, M. Aechtner, Y. Meurdesoif and T. Dubos},
         journal = {Geoscientific Model Development},
         page = {425-431},
         volume = {10},
         year = {2017}
}
% $Id$
@misc{IERS,
        title = "{International Earth Rotation Service (IERS)}",
        note = {http://hpiers.obspm.fr}
}
@misc{CSMconv,
        title = "{CSM Time Conventions}",
        note = {http://www.cgd.ucar.edu/cms/eaton/netcdf/NCAR-CSM.html}
}
@misc{CORBAtime,
        author = "{OMG}",
        title = "{CORBA Time Service Specification Version 1.0}",
        note = {ftp://ftp.omg.org/pub/docs/formal/00-06-26.pdf}
}
@misc{USNO,
        title = "{US Naval Observatory Time Pages}",
        note = {http://tycho.usno.navy.mil}
}
@misc{W3C,
        title = "{W3C Date and Time Note}",
        note = {http://www.w3.org/TR/NOTE-datetime}
}
@misc{NIST,
        title = "{NIST Time and Date Material}",
        note = {http://www.boulder.nist.gov/timefreq/general/faq.htm}
}
@misc{ISO,
        author = "{International Organization for Standardization}",
        title = "{Standard 8601:2004, Data elements and interchange formats -- Information interchange -- Representation of dates and times}",
        howpublished = "{http://www.iso.ch/iso/en/CatalogueDetailPage.CatalogueDetail?CSNUMBER=40874\&COMMID=\&scopelist=}",
        year = "last accessed on Dec 4, 2015"
}
@misc{ISOnotes,
        title = "{Some notes on the ISO 8601 date and time specification standard.}",
        howpublished = "http://en.wikipedia.org/wiki/ISO\_8601 \newline http://www.iso.ch/iso/en/prods-services/popstds/datesandtime.html",
        year = "last accessed on Dec 4, 2015"
}
@misc{Meyer1,
        author = "Meyer, Peter",
        title = "{A good discussion of Gregorian and Julian Calendars}",
        howpublished = "http://www.hermetic.ch/cal\_stud/cal\_art.html",
        year = "last accessed on Nov 27, 2015"
}
@misc{Meyer2,
        author = "Meyer, Peter",
        title = "{A good discussion of Julian Day Numbers}",
        howpublished = "http://www.hermetic.ch/cal\_stud/jdn.htm",
        year = "last accessed on Nov 27, 2015"
}
@misc{MJD,
        author = "Winkler, Gernot M.R.",
        title = "{A good discussion of the Modified Julian Day Calendar}",
        howpublished = "http://tycho.usno.navy.mil/mjd.html",
        year = "last accessed on Nov 27, 2015"
}
@misc{JDNcalculator,
        title = "{A Julian Day and Civil Date Calculator}",
        howpublished = "http://www.numerical-recipes.com/julian.html",
        year = "last accessed on Dec 3, 2015"
}
@article{Fli68,
         author = "{Fliegel, H.F. and Van Flandern, T.C.}",
         title = "{A Machine Algorithm for Processing Calendar Dates}",
         journal = "Communications of the ACM",
         year = "1968",
         volume = "11",
         number = "10",
         pages = "657"
}
@article{Hat84,
         author = "{Hatcher, D.A.}",
         title = "{Simple Formulae for Julian Day Numbers and Calendar Dates}",
         journal = "Q.JlR. astr. Soc.",
         year = "1984",
         volume = "25",
         number = "1",
         pages = "53-55"
}
@book{Seidelman,
         author = "{Seidelman, P.K.}",
         title = "{Explanatory Supplement to the Astronomical Almanac}",
         publisher = "University Science Books",
         year = "1992"
}
@misc{javaCalendar,
       title = "{The JAVA Calendar Class}",
       key = {Java Calendar},
       note = {http://java.sun.com/j2se/1.4/docs/api/java/util/Calendar.html}
}
@misc{UMLweb,
       title = "{Introduction to OMG UML}",
       key = {OMG UML},
       note = {http://www.omg.org/gettingstarted/what\_is\_uml.htm}
}
